@book{ganssle2008embedded,
  title={Embedded Systems},
  author={Ganssle, J.G. and Ball, S.R.},
  isbn={9780750686259},
  lccn={2007038488},
  series={Computer languages, systems \& structures},
  url={https://books.google.es/books?id=-U\_Kt\_8EpuwC},
  year={2008},
  publisher={Elsevier/Newnes}
}


@book{hallinan2010embedded,
  title={Embedded Linux Primer: A Practical Real-World Approach},
  author={Hallinan, C.},
  isbn={9780137061105},
  series={Prentice Hall Open Source Software Development Series},
  url={https://books.google.es/books?id=wT0\_fkfLi7gC},
  year={2010},
  publisher={Pearson Education}
}

@book{flynn2011computer,
  title={Computer System Design: System-on-Chip},
  author={Flynn, M.J. and Luk, W.},
  isbn={9781118009918},
  url={https://books.google.es/books?id=QXtyqHryAL4C},
  year={2011},
  publisher={Wiley}
}

@book{holt2014embedded,
  title={Embedded Operating Systems: A Practical Approach},
  author={Holt, A. and Huang, C.Y.},
  isbn={9781447166030},
  series={Undergraduate Topics in Computer Science},
  url={https://books.google.es/books?id=M7HBBAAAQBAJ},
  year={2014},
  publisher={Springer London}
}

@book{jean2002microc,
  title={MicroC/OS-II: The Real Time Kernel},
  author={Jean J. Labrosse},
  isbn={9781578201037},
  lccn={2002281934},
  series={Meets requirements for safety-critical systems},
  url={https://books.google.es/books?id=exHUsQoEgD4C},
  year={2002},
  publisher={Taylor \& Francis}
}

@book{bovet2005understanding,
  title={Understanding the Linux Kernel},
  author={Bovet, D.P. and Cesati, M.},
  isbn={9780596554910},
  url={https://books.google.es/books?id=h0lltXyJ8aIC},
  year={2005},
  publisher={O'Reilly Media}
}

@book{whitaker2006ac,
  title={AC Power Systems Handbook, Third Edition},
  author={Whitaker, J.C.},
  isbn={9781420005813},
  series={Electronics Handbook Series},
  url={https://books.google.sk/books?id=a988UyrJttYC},
  year={2006},
  publisher={CRC Press}
}

@book{henry2008ohm,
  title={Ohm's Law, Electrical Math and Voltage Drop Calculations},
  author={Henry, T.},
  url={https://books.google.sk/books?id=IFIxngEACAAJ},
  year={2008},
  publisher={Henry Publications}
}

@book{maxfield2011electrical,
  title={Electrical Engineering: Know It All: Know It All},
  author={Maxfield, C. and Bird, J. and Williams, T. and Kester, W. and Bensky, D.},
  isbn={9780080949666},
  series={Newnes Know It All},
  url={https://books.google.sk/books?id=BYZT1U-YNQwC},
  year={2011},
  publisher={Elsevier Science},
  pages={230--233}
}

@book{nicolaides1996electrical,
  title={Electrical and Electronic Principles II},
  author={Nicolaides, A.},
  isbn={9781872684345},
  url={https://books.google.sk/books?id=s59\_dVFQ34gC},
  year={1996},
  publisher={P.A.S.S},
  pages={104}
}

@book{rawlins2000basic,
  title={Basic AC Circuits},
  author={Rawlins, C.},
  isbn={9780080493985},
  url={https://books.google.sk/books?id=0jw6o3nUcDkC},
  year={2000},
  publisher={Elsevier Science}
}

@book{2009electrical,
  title={Electrical Networks},
  author={Singh, R.R.},
  isbn={9780070260962},
  url={https://books.google.sk/books?id=DuUldaLMwE4C},
  year={2009},
  publisher={McGraw-Hill Education (India) Pvt Limited},
  pages={4--13}
}

@book{singh2008electric,
  title={Electric Power Generation, Transmission and Distribution},
  author={Singh, S.N.},
  isbn={9788120335608},
  url={https://books.google.sk/books?id=dBtbDYdRsdkC},
  year={2008},
  publisher={PHI Learning},
  pages={53}
}

@book{webster2003electrical,
  title={Electrical Measurement, Signal Processing, and Displays},
  author={Webster, J.G.},
  isbn={9780203009406},
  series={Principles and Applications in Engineering},
  url={https://books.google.sk/books?id=as4ZJBYZ8k8C},
  year={2003},
  publisher={CRC Press}
}

@book{srinivasan2015composite,
  title={Composite Magnetoelectrics: Materials, Structures, and Applications},
  author={Srinivasan, G. and Priya, S. and Sun, N.},
  isbn={9781782422648},
  series={Woodhead Publishing Series in Electronic and Optical Materials},
  url={https://books.google.sk/books?id=WHB7AwAAQBAJ},
  year={2015},
  publisher={Elsevier Science},
  pages={209}
}

@book{dixit2010electrical,
  title={Electrical Power Quality},
  author={Dixit, J.B. and Yadav, A.},
  isbn={9789380386744},
  url={https://books.google.sk/books?id=lxLWYe5sGMsC},
  year={2010},
  publisher={Laxmi Publications Pvt Limited},
  pages={80--81}
}

@book{meade2002foundations,
  title={Foundations of Electronics},
  author={Meade, R.L.},
  isbn={9780766840270},
  lccn={2002018069},
  series={Foundations of Electronics, Circuits and Devices},
  url={https://books.google.sk/books?id=16Aec25Fo\_0C},
  year={2002},
  publisher={Thomson/Delmar Learning},
  pages={85}
}

@book{beaty1998electric,
  title={Electric Power Distribution Systems: A Nontechnical Guide},
  author={Beaty, H.W.},
  isbn={9780878147311},
  lccn={98018533},
  series={PennWell nontechnical series},
  url={https://books.google.sk/books?id=NfGECDO8wp0C},
  year={1998},
  publisher={PennWell},
  pages={12}
}

@book{herman2012direct,
  title={Direct Current Fundamentals},
  author={Herman, S.L.},
  isbn={9781111127466},
  lccn={2010936991},
  url={https://books.google.sk/books?id=xUyulrQuCyYC},
  year={2012},
  publisher={Cengage Learning}
}

@online{online:MAX78700,
	author = {Maxim Integrated},
	title = {MAX78700 Data Sheet},
	url = {https://datasheets.maximintegrated.com/en/ds/MAX78700.pdf},
	note = {(Accessed on 13/04/2016)}
}

@online{online:MAX78615,
	author = {Maxim Integrated},
	title = {MAX78615+LMU Data Sheet},
	url = {https://datasheets.maximintegrated.com/en/ds/MAX78615%2BLMU.pdf},
	note = {(Accessed on 13/04/2016)}
}

@book{2008linear,
  title={Linear Integrated Circuits},
  isbn={9780070648180},
  url={https://books.google.sk/books?id=rvvMkSM7O84C},
  year={2008},
  publisher={McGraw-Hill Education (India) Pvt Limited},
  pages={561}
}

@book{carr1996linear,
  title={Linear Integrated Circuits},
  author={Carr, J. and Carr, J.},
  isbn={9780080938455},
  url={https://books.google.sk/books?id=-qcICQ5Zf6IC},
  year={1996},
  publisher={Elsevier Science},
  pages={182}
}

@book{wright2004electric,
  title={Electric Fuses, 3rd Edition},
  author={Wright, A. and Newbery, P.G. and Institution of Electrical Engineers},
  isbn={9780863413995},
  lccn={2006494121},
  series={Energy Engineering Series},
  url={https://books.google.sk/books?id=DxJHlzRADvgC},
  year={2004},
  publisher={Institution of Engineering and Technology},
  pages={15}
}

@online{online:2ADUIESP-12,
	author = {Shenzhen Anxinke technology co., LTD - 2ADUI},
	title = {FCC ID 2ADUIESP-12},
	url = {https://fccid.io/2ADUIESP-12},
	note = {(Accessed on 14/04/2016)}
}

@book{trzynadlowski2015introduction,
  title={Introduction to Modern Power Electronics},
  author={Trzynadlowski, A.M.},
  isbn={9781119003229},
  lccn={2015025129},
  url={https://books.google.sk/books?id=qBfICgAAQBAJ},
  year={2015},
  publisher={Wiley},
  pages={85}
}

@book{blume2008electric,
  title={Electric Power System Basics for the Nonelectrical Professional},
  author={Blume, S.W.},
  isbn={9780470185803},
  series={IEEE Press Series on Power Engineering},
  url={https://books.google.sk/books?id=\_mXaEA986xIC},
  year={2008},
  publisher={Wiley},
  pages={163}
}

@book{rosen2013linux,
  title={Linux Kernel Networking: Implementation and Theory},
  author={Rosen, R.},
  isbn={9781430261964},
  series={Books for professionals by professionals},
  url={https://books.google.sk/books?id=96V4AgAAQBAJ},
  year={2013},
  publisher={Apress}
}

@book{adelstein2007linux,
  title={Linux System Administration},
  author={Adelstein, T. and Lubanovic, B.},
  isbn={9780596009526},
  lccn={2007299673},
  series={O'Reilly Series},
  url={https://books.google.sk/books?id=-jYe2k1p5tIC},
  year={2007},
  publisher={O'Reilly Media},
  pages={162}
}

@book{weidner2013linux,
  title={Linux headless with PC Engines ALIX: },
  author={Weidner, M.},
  isbn={9781291599619},
  url={https://books.google.sk/books?id=o8EuBAAAQBAJ},
  year={2013},
  publisher={LULU Press},
  pages={86}
}

@book{kurniawannodemcu,
  title={NodeMCU Development Workshop: },
  author={Kurniawan, A.},
  url={https://books.google.sk/books?id=XP9ICgAAQBAJ},
  publisher={PE Press}
}

@book{vu2009peer,
  title={Peer-to-Peer Computing: Principles and Applications},
  author={Vu, Q.H. and Lupu, M. and Ooi, B.C.},
  isbn={9783642035142},
  lccn={2009938717},
  url={https://books.google.sk/books?id=kd8\_AAAAQBAJ},
  year={2009},
  publisher={Springer Berlin Heidelberg}
}

@book{allen2011definitive,
  title={The Definitive Guide to SQLite},
  author={Allen, G. and Owens, M.},
  isbn={9781430232261},
  series={Books for professionals by professionals},
  url={https://books.google.sk/books?id=-5zk12NiBBQC},
  year={2011},
  publisher={Apress}
}

@book{sumathi2007fundamentals,
  title={Fundamentals of Relational Database Management Systems},
  author={Sumathi, S. and Esakkirajan, S.},
  isbn={9783540483977},
  lccn={2006935984},
  series={Studies in Computational Intelligence},
  url={https://books.google.sk/books?id=RjnNA0GW0wsC},
  year={2007},
  publisher={Springer Berlin Heidelberg}
}

@book{van2001programming,
  title={Programming Microcontrollers in C},
  author={Van Sickle, T.},
  isbn={9781878707574},
  lccn={00134094},
  series={Electronics \& Electrical},
  url={https://books.google.sk/books?id=i62vDVOJ3YgC},
  year={2001},
  publisher={LLH Technology Pub.}
}

@book{seneviratne2015internet,
  title={Internet of Things with Arduino Blueprints},
  author={Seneviratne, P.},
  isbn={9781785281914},
  url={https://books.google.sk/books?id=jv9\_CwAAQBAJ},
  year={2015},
  publisher={Packt Publishing},
  pages={42}
}

@online{online:MYS80,
	author = {Diotec Semiconductor},
	title = {MYS80 Bridge Rectifier},
	url = {http://diotec.com/tl_files/diotec/files/pdf/datasheets/mys40},
	note = {(Accessed on 19/04/2016)}
}

@online{online:LD1117,
	author = {STMicroelectronics},
	title = {LD1117 Linear Regulator},
	url = {https://www.sparkfun.com/datasheets/Components/LD1117V33.pdf},
	note = {(Accessed on 19/04/2016)}
}

@online{online:RM96,
	author = {Relpol},
	title = {RM96 Miniature Relays},
	url = {http://www.tme.eu/en/Document/f3d8c9df965fd60743222f30152cd5e7/e_RM96.pdf},
	note = {(Accessed on 19/04/2016)}
}

@online{online:BC817,
	author = {Diotec Semiconductor},
	title = {BC817 Surface Mount General Purpose NPN Transistor},
	url = {http://www.tme.eu/sk/Document/734370d4141e61893b10180687485177/bc817.pdf},
	note = {(Accessed on 19/04/2016)}
}

@online{online:SONOMA,
	author = {Maxim Integrated},
	title = {Sonoma (MAXREFDES14): Isolated Energy Measurement Subsystem Reference Design},
	url = {https://www.maximintegrated.com/en/app-notes/index.mvp/id/5723},
	note = {(Accessed on 19/04/2016)}
}

@online{online:1N4148,
	author = {DC Components},
	title = {1N4148 Surface-mount switching diode},
	url = {http://www.tme.eu/sk/Document/56f18f971963fb7c3e40973a6fd3d82c/CD4148W_WT.pdf},
	note = {(Accessed on 19/04/2016)}
}

@book{dilouie2008lighting,
  title={Lighting Controls Handbook},
  author={DiLouie, C.},
  isbn={9780881735741},
  lccn={2007030706},
  url={https://books.google.sk/books?id=3pKVF4HoeMIC},
  year={2008},
  publisher={Fairmont Press}
}

@online{online:googleapis,
	author = {Google},
	title = {Google Visualization API Reference},
	url = {https://developers.google.com/chart/interactive/docs/reference},
	note = {(Accessed on 25/04/2016)}
}

@book{chappell2013introduction,
  title={Introduction to Power Electronics: },
  author={Chappell, P.H.},
  isbn={9781608077199},
  lccn={2012276347},
  series={Power Engineering},
  url={https://books.google.sk/books?id=oZhQAgAAQBAJ},
  year={2013},
  publisher={Artech House},
  pages={135}
}

@online{online:enclosure,
	author = {COMBIPLAST},
	title = {CP-Z-27/B - Kryt: pre napájací zdroj; X:70,9mm; Y:120,5mm; Z:45mm; polystyrén},
	url = {http://www.tme.eu/sk/details/cp-z-27_b/skatulky-pre-napajacie-zdroje/combiplast/},
	note = {(Accessed on 24/06/2016)}
}

